@INPROCEEDINGS{ADSarticle,  
author={J. {Bu} and Y. {Liu} and S. {Zhang} and W. {Meng} and Q. {Liu} and X. {Zhu} and D. {Pei}},  
booktitle={2018 IEEE 37th International Performance Computing and Communications Conference (IPCCC)},   
title={Rapid Deployment of Anomaly Detection Models for Large Number of Emerging KPI Streams}, year={2018},  
volume={},  
number={},  
pages={1-8},}
@inproceedings{ACTS,
author = {Peng, Fengchao and Luo, Qiong and Ni, Lionel},
year = {2017},
month = {04},
pages = {175-178},
title = {ACTS: An Active Learning Method for Time Series Classification},
doi = {10.1109/ICDE.2017.68}
}

@ARTICLE{6747346,  
author={S. {Huang} and R. {Jin} and Z. {Zhou}},  
journal={IEEE Transactions on Pattern Analysis and Machine Intelligence},   title={Active Learning by Querying Informative and Representative Examples},   year={2014},  volume={36},  number={10},  pages={1936-1949},  doi={10.1109/TPAMI.2014.2307881}}


@INPROCEEDINGS{activelearning2015,  
author={G. {He} and Y. {Duan} and Y. {Li} and T. {Qian} and J. {He} and X. {Jia}},  
booktitle={2015 IEEE 27th International Conference on Tools with Artificial Intelligence (ICTAI)},   
title={Active Learning for Multivariate Time Series Classification with Positive Unlabeled Data},   
year={2015},  
volume={},  
number={},  
pages={178-185},}
@INPROCEEDINGS{Pelleg04activelearning,
    author = {Dan Pelleg and Andrew Moore},
    title = {Active learning for anomaly and rare-category detection},
    booktitle = {In Advances in Neural Information Processing Systems 18},
    year = {2004},
    pages = {1073--1080},
    publisher = {MIT Press}
}
@inproceedings{Outlieractive,
author = {Abe, Naoki and Zadrozny, Bianca and Langford, John},
title = {Outlier Detection by Active Learning},
year = {2006},
isbn = {1595933395},
publisher = {Association for Computing Machinery},
address = {New York, NY, USA},
url = {https://doi.org/10.1145/1150402.1150459},
doi = {10.1145/1150402.1150459},
booktitle = {Proceedings of the 12th ACM SIGKDD International Conference on Knowledge Discovery and Data Mining},
pages = {504–509},
numpages = {6},
keywords = {active learning, outlier detection, ensemble method},
location = {Philadelphia, PA, USA},
series = {KDD ’06}
}
@INPROCEEDINGS{labelless,  
author={N. {Zhao} and J. {Zhu} and R. {Liu} and D. {Liu} and M. {Zhang} and D. {Pei}},  
booktitle={IEEE INFOCOM 2019 - IEEE Conference on Computer Communications},   
title={Label-Less: A Semi-Automatic Labelling Tool for KPI Anomalies},  
year={2019},  
volume={},  
number={},  
pages={1882-1890},}
@inproceedings{PUlearning2017,
author = {Zhang, Jiaqi and Wang, Zhenzhen and Yuan, Junsong and Tan, Yap-Peng},
title = {Positive and Unlabeled Learning for Anomaly Detection with Multi-Features},
year = {2017},
isbn = {9781450349062},
publisher = {Association for Computing Machinery},
address = {New York, NY, USA},
url = {https://doi.org/10.1145/3123266.3123304},
doi = {10.1145/3123266.3123304},
booktitle = {Proceedings of the 25th ACM International Conference on Multimedia},
pages = {854–862},
numpages = {9},
keywords = {semi-supervised learning, pu learning, intrusion detection, anomaly detection},
location = {Mountain View, California, USA},
series = {MM ’17}
}
@inproceedings{ren-etal-2014-positive,
    title = "Positive Unlabeled Learning for Deceptive Reviews Detection",
    author = "Ren, Yafeng  and
      Ji, Donghong  and
      Zhang, Hongbin",
    booktitle = "Proceedings of the 2014 Conference on Empirical Methods in Natural Language Processing ({EMNLP})",
    month = oct,
    year = "2014",
    address = "Doha, Qatar",
    publisher = "Association for Computational Linguistics",
    url = "https://www.aclweb.org/anthology/D14-1055",
    doi = "10.3115/v1/D14-1055",
    pages = "488--498",
}
@article{Mordelet_2011,
   title={ProDiGe: Prioritization Of Disease Genes with multitask machine learning from positive and unlabeled examples},
   volume={12},
   ISSN={1471-2105},
   url={http://dx.doi.org/10.1186/1471-2105-12-389},
   DOI={10.1186/1471-2105-12-389},
   number={1},
   journal={BMC Bioinformatics},
   publisher={Springer Science and Business Media LLC},
   author={Mordelet, Fantine and Vert, Jean-Philippe},
   year={2011},
   month={Oct}
}
@article{Yang2014EnsemblePU,
  title={Ensemble Positive Unlabeled Learning for Disease Gene Identification},
  author={Peng Yang and Xiaoli Li and Hon-Nian Chua and Chee-Keong Kwoh and See-Kiong Ng},
  journal={PLoS ONE},
  year={2014},
  volume={9}
}
@inproceedings{putranditional2003,
author = {Li, Xiaoli and Liu, Bing},
title = {Learning to Classify Texts Using Positive and Unlabeled Data},
year = {2003},
publisher = {Morgan Kaufmann Publishers Inc.},
address = {San Francisco, CA, USA},
booktitle = {Proceedings of the 18th International Joint Conference on Artificial Intelligence},
pages = {587–592},
numpages = {6},
location = {Acapulco, Mexico},
series = {IJCAI’03}
}
@INPROCEEDINGS{Brinker03incorporatingdiversity,
    author = {Klaus Brinker},
    title = {Incorporating diversity in active learning with support vector machines},
    booktitle = {In Proceedings of the 20th International Conference on Machine Learning},
    year = {2003},
    pages = {59--66},
    publisher = {AAAI Press}
}
@article{Supportactive2000,
author = {Tong, Simon and Koller, Daphne},
title = {Support Vector Machine Active Learning with Applications to Text Classification},
year = {2002},
issue_date = {3/1/2002},
publisher = {JMLR.org},
volume = {2},
issn = {1532-4435},
url = {https://doi.org/10.1162/153244302760185243},
doi = {10.1162/153244302760185243},
journal = {J. Mach. Learn. Res.},
month = mar,
pages = {45–66},
numpages = {22},
keywords = {relevance feedback, support vector machines, classification, selective sampling, active learning}
}
@inproceedings{Settles2009ActiveLL,
  title={Active Learning Literature Survey},
  author={Burr Settles},
  year={2009}
}
@inproceedings{Liu2002PartiallySC,
  title={Partially Supervised Classification of Text Documents},
  author={Bing Liu and Wee Sun Lee and Philip S. Yu and Xiaoli Li},
  booktitle={ICML},
  year={2002}
}
@inproceedings{liu2015opprentice,
  title={Opprentice: towards practical and automatic anomaly detection through machine learning},
  author={Liu, Dapeng and Zhao, Youjian and Xu, Haowen and Sun, Yongqian and Pei, Dan and Luo, Jiao and Jing, Xiaowei and Feng, Mei},
  booktitle={Proceedings of the 2015 ACM Conference on Internet Measurement Conference},
  pages={211--224},
  year={2015},
  organization={ACM}
}
@unpublished{cloudwatch,
title = "Amazon CloudWatch Alarm",
note = {\url{http://docs.aws.amazon.com/AmazonCloudWatch/latest/DeveloperGuide/ConsoleAlarms.html}}
}
@inproceedings{Choffnes:2010:CSN:1851182.1851228,
 author = {Choffnes, David R. and Bustamante, Fabi\'{a}n E. and Ge, Zihui},
 title = {Crowdsourcing Service-level Network Event Monitoring},
 booktitle = {Proceedings of the ACM SIGCOMM 2010 Conference},
 series = {SIGCOMM '10},
 year = {2010},
 isbn = {978-1-4503-0201-2},
 location = {New Delhi, India},
 pages = {387--398},
 numpages = {12},
 url = {http://doi.acm.org/10.1145/1851182.1851228},
 doi = {10.1145/1851182.1851228},
 acmid = {1851228},
 publisher = {ACM},
 address = {},
 keywords = {P2P, anomaly detection, crowdsourcing, service-level network events},
}
@inproceedings{Mahimkar:2011:RDM:2079296.2079309,
 author = {Mahimkar, Ajay and Ge, Zihui and Wang, Jia and Yates, Jennifer and Zhang, Yin and Emmons, Joanne and Huntley, Brian and Stockert, Mark},
 title = {Rapid Detection of Maintenance Induced Changes in Service Performance},
 booktitle = {Proceedings of the Seventh COnference on Emerging Networking EXperiments and Technologies},
 series = {CoNEXT '11},
 year = {2011},
 isbn = {978-1-4503-1041-3},
 location = {Tokyo, Japan},
 pages = {13:1--13:12},
 articleno = {13},
 numpages = {12},
 url = {http://doi.acm.org/10.1145/2079296.2079309},
 doi = {10.1145/2079296.2079309},
 acmid = {2079309},
 publisher = {ACM},
 address = {New York, NY, USA},
 keywords = {robust change detection, service performance},
}
@inproceedings{barford2002signal,
  title={A signal analysis of network traffic anomalies},
  author={Barford, Paul and Kline, Jeffery and Plonka, David and Ron, Amos},
  booktitle={Proceedings of the 2nd ACM SIGCOMM Workshop on Internet measurment},
  pages={71--82},
  year={2002},
  organization={ACM}
}
@inproceedings{jaakkola1999exploiting,
  title={Exploiting generative models in discriminative classifiers},
  author={Jaakkola, Tommi and Haussler, David},
  booktitle={Advances in neural information processing systems},
  pages={487--493},
  year={1999}
}
@inproceedings{ng2002discriminative,
  title={On discriminative vs. generative classifiers: A comparison of logistic regression and naive bayes},
  author={Ng, Andrew Y and Jordan, Michael I},
  booktitle={Advances in neural information processing systems},
  pages={841--848},
  year={2002}
}
@article{kodinariya2013review,
  title={Review on determining number of Cluster in K-Means Clustering},
  author={Kodinariya, Trupti M and Makwana, Prashant R},
  journal={International Journal},
  volume={1},
  number={6},
  pages={90--95},
  year={2013}
}
@inproceedings{Zhang:2005:NA:1251086.1251116,
 author = {Zhang, Yin and Ge, Zihui and Greenberg, Albert and Roughan, Matthew},
 title = {Network Anomography},
 booktitle = {Proceedings of the 5th ACM SIGCOMM Conference on Internet Measurement},
 series = {IMC '05},
 year = {2005},
 location = {Berkeley, CA},
 pages = {30--30},
 numpages = {1},
 url = {http://dl.acm.org/citation.cfm?id=1251086.1251116},
 acmid = {1251116},
 publisher = {USENIX Association},
 address = {Berkeley, CA, USA},
}
@inproceedings{egads,
  title={Generic and scalable framework for automated time-series anomaly detection},
  author={Laptev, Nikolay and Amizadeh, Saeed and Flint, Ian},
  booktitle={Proceedings of the 21th ACM SIGKDD International Conference on Knowledge Discovery and Data Mining},
  pages={1939--1947},
  year={2015},
  organization={ACM}
}
@inproceedings{knorn2008adaptive,
  title={Adaptive kalman filtering for anomaly detection in software appliances},
  author={Knorn, Florian and Leith, Douglas J},
  booktitle={INFOCOM Workshops 2008, IEEE},
  pages={1--6},
  year={2008},
  organization={IEEE}
}
@article{lu2009network,
  title={Network anomaly detection based on wavelet analysis},
  author={Lu, Wei and Ghorbani, Ali A},
  journal={EURASIP Journal on Advances in Signal Processing},
  volume={2009},
  pages={4},
  year={2009},
  publisher={Hindawi Publishing Corp.}
}
@article{pincombe2005anomaly,
  title={Anomaly detection in time series of graphs using arma processes},
  author={Pincombe, Brandon},
  journal={Asor Bulletin},
  volume={24},
  number={4},
  pages={2},
  year={2005},
  publisher={Citeseer}
}
@inproceedings{chen2013provider,
  title={A provider-side view of web search response time},
  author={Chen, Yingying and Mahajan, Ratul and Sridharan, Baskar and Zhang, Zhi-Li},
  booktitle={ACM SIGCOMM Computer Communication Review},
  volume={43},
  number={4},
  pages={243--254},
  year={2013},
  organization={ACM}
}
@inproceedings{yan2012argus,
  title={Argus: End-to-end service anomaly detection and localization from an ISP's point of view},
  author={Yan, He and Flavel, Ashley and Ge, Zihui and Gerber, Alexandre and Massey, Dan and Papadopoulos, Christos and Shah, Hiren and Yates, Jennifer},
  booktitle={INFOCOM, 2012 Proceedings IEEE},
  pages={2756--2760},
  year={2012},
  organization={IEEE}
}
@inproceedings{perdisci2006using,
  title={Using an ensemble of one-class svm classifiers to harden payload-based anomaly detection systems},
  author={Perdisci, Roberto and Gu, Guofei and Lee, Wenke},
  booktitle={Data Mining, 2006. ICDM'06. Sixth International Conference on},
  pages={488--498},
  year={2006},
  organization={IEEE}
}
@article{liu2012isolation,
  title={Isolation-based anomaly detection},
  author={Liu, Fei Tony and Ting, Kai Ming and Zhou, Zhi-Hua},
  journal={ACM Transactions on Knowledge Discovery from Data (TKDD)},
  volume={6},
  number={1},
  pages={3},
  year={2012},
  publisher={ACM}
}
@incollection{zhou2014semi,
  title={Semi-supervised learning},
  author={Zhou, Xueyuan and Belkin, Mikhail},
  booktitle={Academic Press Library in Signal Processing},
  volume={1},
  pages={1239--1269},
  year={2014},
  publisher={Elsevier}
}
@inproceedings{sillito2008semi,
  title={Semi-supervised Learning for Anomalous Trajectory Detection.},
  author={Sillito, Rowland R and Fisher, Robert B},
  booktitle={BMVC},
  volume={1},
  pages={035--1},
  year={2008}
}
@article{ashfaq2017fuzziness,
  title={Fuzziness based semi-supervised learning approach for intrusion detection system},
  author={Ashfaq, Rana Aamir Raza and Wang, Xi-Zhao and Huang, Joshua Zhexue and Abbas, Haider and He, Yu-Lin},
  journal={Information Sciences},
  volume={378},
  pages={484--497},
  year={2017},
  publisher={Elsevier}
}
@article{noto2012frac,
  title={FRaC: a feature-modeling approach for semi-supervised and unsupervised anomaly detection},
  author={Noto, Keith and Brodley, Carla and Slonim, Donna},
  journal={Data mining and knowledge discovery},
  volume={25},
  number={1},
  pages={109--133},
  year={2012},
  publisher={Springer}
}
@inproceedings{rakthanmanon2012searching,
  title={Searching and mining trillions of time series subsequences under dynamic time warping},
  author={Rakthanmanon, Thanawin and Campana, Bilson and Mueen, Abdullah and Batista, Gustavo and Westover, Brandon and Zhu, Qiang and Zakaria, Jesin and Keogh, Eamonn},
  booktitle={Proceedings of the 18th ACM SIGKDD international conference on Knowledge discovery and data mining},
  pages={262--270},
  year={2012},
  organization={ACM}
}
@article{liao2005clustering,
  title={Clustering of time series data—a survey},
  author={Liao, T Warren},
  journal={Pattern recognition},
  volume={38},
  number={11},
  pages={1857--1874},
  year={2005},
  publisher={Elsevier}
}
@article{aghabozorgi2015time,
  title={Time-series clustering--A decade review},
  author={Aghabozorgi, Saeed and Shirkhorshidi, Ali Seyed and Wah, Teh Ying},
  journal={Information Systems},
  volume={53},
  pages={16--38},
  year={2015},
  publisher={Elsevier}
}
@article{ding2015yading,
  title={Yading: Fast clustering of large-scale time series data},
  author={Ding, Rui and Wang, Qiang and Dang, Yingnong and Fu, Qiang and Zhang, Haidong and Zhang, Dongmei},
  journal={Proceedings of the VLDB Endowment},
  volume={8},
  number={5},
  pages={473--484},
  year={2015},
  publisher={VLDB Endowment}
}
@inproceedings{zhang2018anomaly,
  title={Anomaly Detection with Partially Observed Anomalies},
  author={Zhang, Ya-Lin and Li, Longfei and Zhou, Jun and Li, Xiaolong and Zhou, Zhi-Hua},
  booktitle={Companion of the The Web Conference 2018 on The Web Conference 2018},
  pages={639--646},
  year={2018},
  organization={International World Wide Web Conferences Steering Committee}
}
@inproceedings{ma2003time,
  title={Time-series novelty detection using one-class support vector machines},
  author={Ma, Junshui and Perkins, Simon},
  booktitle={Neural Networks, 2003. Proceedings of the International Joint Conference on},
  volume={3},
  pages={1741--1745},
  year={2003},
  organization={IEEE}
}
@article{lirobust,
  title={Robust and Rapid Clustering of KPIs for Large-Scale Anomaly Detection},
  author={Li, Zhihan and Zhao, Youjian and Liu, Rong and Pei, Dan},
  journal={Quality of Service (IWQoS)},
  pages={1--10},
  year={2018}
}
@article{HighDimensional,
author = {Erfani, Sarah M. and Rajasegarar, Sutharshan and Karunasekera, Shanika and Leckie, Christopher},
title = {High-Dimensional and Large-Scale Anomaly Detection Using a Linear One-Class SVM with Deep Learning},
year = {2016},
issue_date = {October 2016},
publisher = {Elsevier Science Inc.},
address = {USA},
volume = {58},
number = {C},
issn = {0031-3203},
url = {https://doi.org/10.1016/j.patcog.2016.03.028},
doi = {10.1016/j.patcog.2016.03.028},
journal = {Pattern Recogn.},
month = oct,
pages = {121–134},
numpages = {14},
keywords = {High-dimensional data, Outlier detection, Deep belief net, Feature extraction, Anomaly detection, One-class SVM, Deep learning}
}
@inproceedings{Malhotra2015LongST,
  title={Long Short Term Memory Networks for Anomaly Detection in Time Series},
  author={Pankaj Malhotra and Lovekesh Vig and Gautam Shroff and Puneet Agarwal},
  booktitle={ESANN},
  year={2015}
}
@inproceedings{paparrizos2015k,
  title={k-shape: Efficient and accurate clustering of time series},
  author={Paparrizos, John and Gravano, Luis},
  booktitle={Proceedings of the 2015 ACM SIGMOD International Conference on Management of Data},
  pages={1855--1870},
  year={2015},
  organization={ACM}
}
@inproceedings {atad,
author = {Xu Zhang and Qingwei Lin and Yong Xu and Si Qin and Hongyu Zhang and Bo Qiao and Yingnong Dang and Xinsheng Yang and Qian Cheng and Murali Chintalapati and Youjiang Wu and Ken Hsieh and Kaixin Sui and Xin Meng and Yaohai Xu and Wenchi Zhang and Furao Shen and Dongmei Zhang},
title = {Cross-dataset Time Series Anomaly Detection for Cloud Systems},
booktitle = {2019 {USENIX} Annual Technical Conference ({USENIX} {ATC} 19)},
year = {2019},
isbn = {978-1-939133-03-8},
address = {Renton, WA},
pages = {1063--1076},
url = {https://www.usenix.org/conference/atc19/presentation/zhang-xu},
publisher = {{USENIX} Association},
month = jul,
}
@inproceedings{ester1996density,
  title={A density-based algorithm for discovering clusters in large spatial databases with noise.},
  author={Ester, Martin and Kriegel, Hans-Peter and Sander, J{\"o}rg and Xu, Xiaowei and others},
  booktitle={Kdd},
  volume={96},
  number={34},
  pages={226--231},
  year={1996}
}

@inproceedings{PULearning_for_Anomaly_Detection,
author = {Zhang, Jiaqi and Wang, Zhenzhen and Yuan, Junsong and Tan, Yap-Peng},
title = {Positive and Unlabeled Learning for Anomaly Detection with Multi-Features},
year = {2017},
isbn = {9781450349062},
publisher = {Association for Computing Machinery},
address = {New York, NY, USA},
url = {https://doi.org/10.1145/3123266.3123304},
doi = {10.1145/3123266.3123304},
booktitle = {Proceedings of the 25th ACM International Conference on Multimedia},
pages = {854–862},
numpages = {9},
keywords = {semi-supervised learning, pu learning, intrusion detection, anomaly detection},
location = {Mountain View, California, USA},
series = {MM ’17}
}

@article{sakoe1978dynamic,
  title={Dynamic programming algorithm optimization for spoken word recognition},
  author={Sakoe, Hiroaki and Chiba, Seibi},
  journal={IEEE transactions on acoustics, speech, and signal processing},
  volume={26},
  number={1},
  pages={43--49},
  year={1978},
  publisher={IEEE}
}
@article{zhu2005semi,
  title={Semi-supervised learning literature survey},
  author={Zhu, Xiaojin},
  year={2005},
  publisher={Citeseer}
}
@article{chapelle2009semi,
  title={Semi-supervised learning (chapelle, o. et al., eds.; 2006)[book reviews]},
  author={Chapelle, Olivier and Scholkopf, Bernhard and Zien, Alexander},
  journal={IEEE Transactions on Neural Networks},
  volume={20},
  number={3},
  pages={542--542},
  year={2009},
  publisher={IEEE}
}
@article{nigam2000text,
  title={Text classification from labeled and unlabeled documents using EM},
  author={Nigam, Kamal and McCallum, Andrew Kachites and Thrun, Sebastian and Mitchell, Tom},
  journal={Machine learning},
  volume={39},
  number={2-3},
  pages={103--134},
  year={2000},
  publisher={Springer}
}
@inproceedings{cozman2002unlabeled,
  title={Unlabeled Data Can Degrade Classification Performance of Generative Classifiers.},
  author={Cozman, Fabio Gagliardi and Cohen, Ira and Cirelo, M},
  booktitle={Flairs conference},
  pages={327--331},
  year={2002}
}
@inproceedings{joachims1999transductive,
  title={Transductive inference for text classification using support vector machines},
  author={Joachims, Thorsten},
  booktitle={ICML},
  volume={99},
  pages={200--209},
  year={1999}
}
@article{camps2007semi,
  title={Semi-supervised graph-based hyperspectral image classification},
  author={Camps-Valls, Gustavo and Marsheva, Tatyana V Bandos and Zhou, Dengyong},
  journal={IEEE Transactions on Geoscience and Remote Sensing},
  volume={45},
  number={10},
  pages={3044--3054},
  year={2007},
  publisher={IEEE}
}
@article{Li2014SpottingFR,
  title={Spotting Fake Reviews using Positive-Unlabeled Learning},
  author={Huayi Li and Bing Liu and Arjun Mukherjee and Jidong Shao},
  journal={Computaci{\'o}n y Sistemas},
  year={2014},
  volume={18}
}
@article{loog2016contrastive,
  title={Contrastive pessimistic likelihood estimation for semi-supervised classification},
  author={Loog, Marco},
  journal={IEEE transactions on pattern analysis and machine intelligence},
  volume={38},
  number={3},
  pages={462--475},
  year={2016},
  publisher={IEEE}
}
@article{ding2013anomaly,
  title={An anomaly detection approach based on isolation forest algorithm for streaming data using sliding window},
  author={Ding, Zhiguo and Fei, Minrui},
  journal={IFAC Proceedings Volumes},
  volume={46},
  number={20},
  pages={12--17},
  year={2013},
  publisher={Elsevier}
}
@article{rosenberg2005semi,
  title={Semi-supervised self-training of object detection models},
  author={Rosenberg, Chuck and Hebert, Martial and Schneiderman, Henry},
  year={2005},
  publisher={IEEE Press}
}
@article{pan2010survey,
  title={A survey on transfer learning},
  author={Pan, Sinno Jialin and Yang, Qiang and others},
  journal={IEEE Transactions on knowledge and data engineering},
  volume={22},
  number={10},
  pages={1345--1359},
  year={2010},
  publisher={Institute of Electrical and Electronics Engineers, Inc., 345 E. 47 th St. NY NY 10017-2394 USA}
}
@inproceedings{zhang2015rapid,
  title={Rapid and Robust Impact Assessment of Software Changes in Large Internet-based Services},
  author={Zhang, Shenglin and Liu, Ying and Pei, Dan and Chen, Yu and Qu, Xianping and Tao, Shimin and Zang, Zhi},
  booktitle={International Conference on emerging Networking EXperiments and Technologies (CoNEXT)},
  pages={1--13},
  year={2015}
}

@article{liu2015bottleneck,
  title={A bottleneck-free model for P4P},
  author={Liu, Ying and Zhang, Shenglin and Liu, Hongying},
  journal={SCIENCE CHINA Information Sciences},
  volume={58},
  number={10},
  pages={1--15},
  year={2015},
  publisher={Springer}
}

@article{zhang2016funnel,
  title={FUNNEL: Assessing Software Changes in Web-based Services},
  author={Zhang, Shenglin and Liu, Ying and Pei, Dan and Chen, Yu and Qu, Xianping and Tao, Shimin and Zang, Zhi and Jing, Xiaowei and Feng, Mei},
  journal={IEEE Transactions on Service Computing},
  year={2016}
}

@inproceedings{ma2018robust,
  title={Robust and Rapid Adaption for Concept Drift in Software System Anomaly Detection},
  author={Ma, Minghua and Zhang, Shenglin and Pei, Dan and Huang, Xin and Dai, Hongwei},
  booktitle={IEEE International Symposium on Software Reliability Engineering (ISSRE)},
  year={2018}
}

@inproceedings{zhang2014measurement,
  title={A Measurement Study on BGP AS Path Looping (BAPL) Behavior},
  author={Zhang, Shenglin and Liu, Ying and Pei, Dan},
  booktitle={International Conference on Computer Communication and Networks (ICCCN)},
  year={2014}
}

@article{ren2015building,
  title={Building An IPv6 Address Generation and Traceback System With NIDTGA in Address Driven Network},
  author={Ren, Gang and Liu, Ying and Wu, Jianping and Zhang, Shenglin and He, Lin and Jia, Yihao},
  journal={SCIENCE CHINA Information Sciences},
  volume={58},
  number={12},
  pages={1--14},
  year={2015}
}

@article{liu2013improved,
  title={An Improved Cooperative Model of P2P and ISP},
  author={Liu, Ying and Zhang, Shenglin and Liu, Hongying},
  journal={Communications in Computer and Information Science},
  volume={401},
  pages={85--96},
  year={2013}
}

@inproceedings{zhang2017syslog,
  title={Syslog processing for switch failure diagnosis and prediction in datacenter networks},
  author={Zhang, Shenglin and Meng, Weibin and Bu, Jiahao and Yang, Sen and Liu, Ying and Pei, Dan and Xu, Jun and Chen, Yu and Dong, Hui and Qu, Xianping and others},
  booktitle={Quality of Service (IWQoS), 2017 IEEE/ACM 25th International Symposium on},
  pages={1--10},
  year={2017},
  organization={IEEE}
}

@article{sun2018hotspot,
  title={HotSpot: Anomaly Localization for Additive KPIs With Multi-Dimensional Attributes},
  author={Sun, Yongqian and Zhao, Youjian and Su, Ya and Liu, Dapeng and Nie, Xiaohui and Meng, Yuan and Cheng, Shiwen and Pei, Dan and Zhang, Shenglin and Qu, Xianping and others},
  journal={IEEE Access},
  volume={6},
  pages={10909--10923},
  year={2018},
  publisher={IEEE}
}

@article{zhang2018measuring,
  title={Measuring BGP AS Path Looping (BAPL) and Private AS Number Leaking (PANL)},
  author={Zhang, Shenglin and Liu, Ying and Pei, Dan and Liu, Baojun},
  journal={Tsinghua Science and Technology},
  volume={3},
  number={10},
  year={2018}
}

@article{zhang2018prefix,
  title={PreFix: Switch Failure Prediction in Datacenter Networks},
  author={Zhang, Shenglin and Liu, Ying and Meng, Weibin and Luo, Zhiling and Bu, Jiahao and Yang, Sen and Liang, Peixian and Pei, Dan and Xu, Jun and Zhang, Yuzhi and others},
  journal={Proceedings of the ACM on Measurement and Analysis of Computing Systems},
  volume={2},
  number={1},
  pages={2},
  year={2018},
  publisher={ACM}
}

@article{meng2018device,
  title={Device-Agnostic Log Anomaly Classification with Partial Labels},
  author={Meng, Weibin and Liu, Ying and Zhang, Shenglin and Pei, Dan and Dong, Hui and Song, Lei and Luo, Xulong},
  journal={Quality of Service (IWQoS)},
  pages={1--10},
  year={2018}
}

@inproceedings{mahimkar2011rapid,
  title={Rapid detection of maintenance induced changes in service performance},
  author={Mahimkar, Ajay and Ge, Zihui and Wang, Jia and Yates, Jennifer and Zhang, Yin and Emmons, Joanne and Huntley, Brian and Stockert, Mark},
  booktitle={Proceedings of the Seventh COnference on emerging Networking EXperiments and Technologies},
  pages={13},
  year={2011},
  organization={ACM}
}
@inproceedings{lee2012threshold,
  title={Threshold compression for 3g scalable monitoring},
  author={Lee, Suk-Bok and Pei, Dan and Hajiaghayi, MohammadTaghi and Pefkianakis, Ioannis and Lu, Songwu and Yan, He and Ge, Zihui and Yates, Jennifer and Kosseifi, Mario},
  booktitle={INFOCOM, 2012 Proceedings IEEE},
  pages={1350--1358},
  year={2012},
  organization={IEEE}
}
@inproceedings{krishnamurthy2003sketch,
  title={Sketch-based change detection: methods, evaluation, and applications},
  author={Krishnamurthy, Balachander and Sen, Subhabrata and Zhang, Yin and Chen, Yan},
  booktitle={Proceedings of the 3rd ACM SIGCOMM conference on Internet measurement},
  pages={234--247},
  year={2003},
  organization={ACM}
}
@inproceedings{xu2018unsupervised,
  title={Unsupervised Anomaly Detection via Variational Auto-Encoder for Seasonal KPIs in Web Applications},
  author={Xu, Haowen and Chen, Wenxiao and Zhao, Nengwen and Li, Zeyan and Bu, Jiahao and Li, Zhihan and Liu, Ying and Zhao, Youjian and Pei, Dan and Feng, Yang and others},
  booktitle={Proceedings of the 2018 World Wide Web Conference on World Wide Web},
  pages={187--196},
  year={2018},
  organization={International World Wide Web Conferences Steering Committee}
}
@article{freund1997decision,
  title={A decision-theoretic generalization of on-line learning and an application to boosting},
  author={Freund, Yoav and Schapire, Robert E},
  journal={Journal of computer and system sciences},
  volume={55},
  number={1},
  pages={119--139},
  year={1997},
  publisher={Elsevier}
}
@article{ketchen1996application,
  title={The application of cluster analysis in strategic management research: an analysis and critique},
  author={Ketchen Jr, David J and Shook, Christopher L},
  journal={Strategic management journal},
  pages={441--458},
  year={1996},
  publisher={JSTOR}
}
@article{CharacteristicBased,
author = {Wang, Xiaozhe and Smith-Miles, Kate and Hyndman, Rob},
year = {2006},
month = {09},
pages = {335-364},
title = {Characteristic-Based Clustering for Time Series Data},
volume = {13},
journal = {Data Min. Knowl. Discov.},
doi = {10.1007/s10618-005-0039-x}
}

@INPROCEEDINGS{MacQueen1967SomeMF,
    author = {J. Macqueen},
    title = {Some methods for classification and analysis of multivariate observations},
    booktitle = {In 5-th Berkeley Symposium on Mathematical Statistics and Probability},
    year = {1967},
    pages = {281--297}
}

@book{kaufman2009finding,
  title={Finding Groups in Data: An Introduction to Cluster Analysis},
  author={Kaufman, L. and Rousseeuw, P.J.},
  isbn={9780470317488},
  series={Wiley Series in Probability and Statistics},
  url={https://books.google.co.uk/books?id=YeFQHiikNo0C},
  year={2009},
  publisher={Wiley}
}

@article{CARPENTER198754,
title = "A massively parallel architecture for a self-organizing neural pattern recognition machine",
journal = "Computer Vision, Graphics, and Image Processing",
volume = "37",
number = "1",
pages = "54 - 115",
year = "1987",
issn = "0734-189X",
doi = "https://doi.org/10.1016/S0734-189X(87)80014-2",
url = "http://www.sciencedirect.com/science/article/pii/S0734189X87800142",
author = "Gail A. Carpenter and Stephen Grossberg"
}

@article{KnowledgeAcquisition,
author = {Fisher, Doug},
year = {1987},
month = {09},
pages = {139-172},
title = {Knowledge Acquisition Via Incremental Conceptual Clustering},
volume = {2},
journal = {Machine Learning},
doi = {10.1023/A:1022852608280}
}


@ARTICLE{865189,  
author={C. {Biernacki} and G. {Celeux} and G. {Govaert}},  
journal={IEEE Transactions on Pattern Analysis and Machine Intelligence},   
title={Assessing a mixture model for clustering with the integrated completed likelihood},   
year={2000},  
volume={22},  
number={7},  
pages={719-725},  
doi={10.1109/34.865189}}


@article{AGHABOZORGI201516,
title = "Time-series clustering – A decade review",
journal = "Information Systems",
volume = "53",
pages = "16 - 38",
year = "2015",
issn = "0306-4379",
doi = "https://doi.org/10.1016/j.is.2015.04.007",
url = "http://www.sciencedirect.com/science/article/pii/S0306437915000733",
author = "Saeed Aghabozorgi and Ali {Seyed Shirkhorshidi} and Teh {Ying Wah}",
keywords = "Clustering, Time-series, Distance measure, Evaluation measure, Representations"
}

@inproceedings{chen2019unsupervised,
  title={Unsupervised anomaly detection for intricate kpis via adversarial training of vae},
  author={Chen, Wenxiao and Xu, Haowen and Li, Zeyan and Peiy, Dan and Chen, Jie and Qiao, Honglin and Feng, Yang and Wang, Zhaogang},
  booktitle={IEEE INFOCOM 2019-IEEE Conference on Computer Communications},
  pages={1891--1899},
  year={2019},
  organization={IEEE}
}

@inproceedings{li2018robust,
  title={Robust and unsupervised kpi anomaly detection based on conditional variational autoencoder},
  author={Li, Zeyan and Chen, Wenxiao and Pei, Dan},
  booktitle={2018 IEEE 37th International Performance Computing and Communications Conference (IPCCC)},
  pages={1--9},
  year={2018},
  organization={IEEE}
}

@article{ElasticNet,
author = {Zou, Hui and Hastie, Trevor},
title = {Regularization and variable selection via the elastic net},
journal = {Journal of the Royal Statistical Society: Series B (Statistical Methodology)},
volume = {67},
number = {2},
pages = {301-320},
keywords = {Grouping effect, LARS algorithm, Lasso, Penalization, p≫n problem, Variable selection},
year = {2005}
}